%YAML 1.1
%TAG !u! tag:unity3d.com,2011:
--- !u!29 &1
SceneSettings:
  m_ObjectHideFlags: 0
  m_PVSData: 
  m_PVSObjectsArray: []
  m_PVSPortalsArray: []
  m_OcclusionBakeSettings:
    smallestOccluder: 5
    smallestHole: 0.25
    backfaceThreshold: 100
--- !u!104 &2
RenderSettings:
  m_ObjectHideFlags: 0
  serializedVersion: 6
  m_Fog: 0
  m_FogColor: {r: 0.6911765, g: 0.6911765, b: 0.6911765, a: 1}
  m_FogMode: 3
  m_FogDensity: 0.02
  m_LinearFogStart: 0
  m_LinearFogEnd: 300
  m_AmbientSkyColor: {r: 0.212, g: 0.227, b: 0.259, a: 1}
  m_AmbientEquatorColor: {r: 0.114, g: 0.125, b: 0.133, a: 1}
  m_AmbientGroundColor: {r: 0.047, g: 0.043, b: 0.035, a: 1}
  m_AmbientIntensity: 0
  m_AmbientMode: 1
  m_SkyboxMaterial: {fileID: 10304, guid: 0000000000000000f000000000000000, type: 0}
  m_HaloStrength: 0.5
  m_FlareStrength: 1
  m_FlareFadeSpeed: 3
  m_HaloTexture: {fileID: 0}
  m_SpotCookie: {fileID: 10001, guid: 0000000000000000e000000000000000, type: 0}
  m_DefaultReflectionMode: 0
  m_DefaultReflectionResolution: 128
  m_ReflectionBounces: 1
  m_ReflectionIntensity: 1
  m_CustomReflection: {fileID: 0}
  m_Sun: {fileID: 1009491157}
--- !u!157 &3
LightmapSettings:
  m_ObjectHideFlags: 0
  serializedVersion: 6
  m_GIWorkflowMode: 0
  m_LightmapsMode: 1
  m_GISettings:
    serializedVersion: 2
    m_BounceScale: 1
    m_IndirectOutputScale: 1
    m_AlbedoBoost: 1
    m_TemporalCoherenceThreshold: 1
    m_EnvironmentLightingMode: 0
    m_EnableBakedLightmaps: 1
    m_EnableRealtimeLightmaps: 1
  m_LightmapEditorSettings:
    serializedVersion: 3
    m_Resolution: 2
    m_BakeResolution: 40
    m_TextureWidth: 1024
    m_TextureHeight: 1024
    m_AOMaxDistance: 1
    m_Padding: 2
    m_CompAOExponent: 0
    m_LightmapParameters: {fileID: 0}
    m_TextureCompression: 1
    m_FinalGather: 0
    m_FinalGatherRayCount: 1024
    m_ReflectionCompression: 2
  m_LightingDataAsset: {fileID: 0}
  m_RuntimeCPUUsage: 25
--- !u!196 &4
NavMeshSettings:
  serializedVersion: 2
  m_ObjectHideFlags: 0
  m_BuildSettings:
    serializedVersion: 2
    agentRadius: 0.77
    agentHeight: 2
    agentSlope: 45
    agentClimb: 0.1
    ledgeDropHeight: 0
    maxJumpAcrossDistance: 0
    accuratePlacement: 0
    minRegionArea: 2
    cellSize: 0.25666666
    manualCellSize: 0
  m_NavMeshData: {fileID: 23800000, guid: 6b870db9b29d9114b8d69ea4417b0126, type: 2}
--- !u!1 &671825 stripped
GameObject:
  m_PrefabParentObject: {fileID: 177140, guid: 1a4adbf34eea5034e9cf57da55f16a0c, type: 2}
  m_PrefabInternal: {fileID: 1470749648}
--- !u!1001 &20342763
Prefab:
  m_ObjectHideFlags: 0
  serializedVersion: 2
  m_Modification:
    m_TransformParent: {fileID: 0}
    m_Modifications:
    - target: {fileID: 458840, guid: 5a53ee9ba7962664c86ed0244dc2592a, type: 2}
      propertyPath: m_LocalPosition.x
      value: 0
      objectReference: {fileID: 0}
    - target: {fileID: 458840, guid: 5a53ee9ba7962664c86ed0244dc2592a, type: 2}
      propertyPath: m_LocalPosition.y
      value: 0
      objectReference: {fileID: 0}
    - target: {fileID: 458840, guid: 5a53ee9ba7962664c86ed0244dc2592a, type: 2}
      propertyPath: m_LocalPosition.z
      value: 0
      objectReference: {fileID: 0}
    - target: {fileID: 458840, guid: 5a53ee9ba7962664c86ed0244dc2592a, type: 2}
      propertyPath: m_LocalRotation.x
      value: 0
      objectReference: {fileID: 0}
    - target: {fileID: 458840, guid: 5a53ee9ba7962664c86ed0244dc2592a, type: 2}
      propertyPath: m_LocalRotation.y
      value: 0
      objectReference: {fileID: 0}
    - target: {fileID: 458840, guid: 5a53ee9ba7962664c86ed0244dc2592a, type: 2}
      propertyPath: m_LocalRotation.z
      value: 0
      objectReference: {fileID: 0}
    - target: {fileID: 458840, guid: 5a53ee9ba7962664c86ed0244dc2592a, type: 2}
      propertyPath: m_LocalRotation.w
      value: 1
      objectReference: {fileID: 0}
    - target: {fileID: 458840, guid: 5a53ee9ba7962664c86ed0244dc2592a, type: 2}
      propertyPath: m_RootOrder
      value: 12
      objectReference: {fileID: 0}
    m_RemovedComponents: []
  m_ParentPrefab: {fileID: 100100000, guid: 5a53ee9ba7962664c86ed0244dc2592a, type: 2}
  m_IsPrefabParent: 0
--- !u!1 &132877870
GameObject:
  m_ObjectHideFlags: 0
  m_PrefabParentObject: {fileID: 0}
  m_PrefabInternal: {fileID: 0}
  serializedVersion: 4
  m_Component:
  - 4: {fileID: 132877871}
  m_Layer: 0
  m_Name: Target 00
  m_TagString: BaseLocation
  m_Icon: {fileID: 2974397684917235467, guid: 0000000000000000d000000000000000, type: 0}
  m_NavMeshLayer: 0
  m_StaticEditorFlags: 0
  m_IsActive: 1
--- !u!4 &132877871
Transform:
  m_ObjectHideFlags: 0
  m_PrefabParentObject: {fileID: 0}
  m_PrefabInternal: {fileID: 0}
  m_GameObject: {fileID: 132877870}
  m_LocalRotation: {x: -0.7064338, y: -0.030842856, z: -0.030842852, w: 0.70643383}
  m_LocalPosition: {x: -15.526001, y: 0, z: 0.041779757}
  m_LocalScale: {x: 3.0403657, y: 3.0403666, z: 3.0403657}
  m_Children: []
  m_Father: {fileID: 978512253}
  m_RootOrder: 14
--- !u!1001 &135805051
Prefab:
  m_ObjectHideFlags: 0
  serializedVersion: 2
  m_Modification:
    m_TransformParent: {fileID: 0}
    m_Modifications:
    - target: {fileID: 400138, guid: fc05c41a53b990447a21901619e6e522, type: 3}
      propertyPath: m_LocalPosition.x
      value: 0
      objectReference: {fileID: 0}
    - target: {fileID: 400138, guid: fc05c41a53b990447a21901619e6e522, type: 3}
      propertyPath: m_LocalPosition.y
      value: 0
      objectReference: {fileID: 0}
    - target: {fileID: 400138, guid: fc05c41a53b990447a21901619e6e522, type: 3}
      propertyPath: m_LocalPosition.z
      value: 0
      objectReference: {fileID: 0}
    - target: {fileID: 400138, guid: fc05c41a53b990447a21901619e6e522, type: 3}
      propertyPath: m_LocalRotation.x
      value: 0
      objectReference: {fileID: 0}
    - target: {fileID: 400138, guid: fc05c41a53b990447a21901619e6e522, type: 3}
      propertyPath: m_LocalRotation.y
      value: 0
      objectReference: {fileID: 0}
    - target: {fileID: 400138, guid: fc05c41a53b990447a21901619e6e522, type: 3}
      propertyPath: m_LocalRotation.z
      value: 0
      objectReference: {fileID: 0}
    - target: {fileID: 400138, guid: fc05c41a53b990447a21901619e6e522, type: 3}
      propertyPath: m_LocalRotation.w
      value: 1
      objectReference: {fileID: 0}
    - target: {fileID: 400138, guid: fc05c41a53b990447a21901619e6e522, type: 3}
      propertyPath: m_RootOrder
      value: 2
      objectReference: {fileID: 0}
    - target: {fileID: 400130, guid: fc05c41a53b990447a21901619e6e522, type: 3}
      propertyPath: m_LocalRotation.x
      value: 0.1951237
      objectReference: {fileID: 0}
    - target: {fileID: 400130, guid: fc05c41a53b990447a21901619e6e522, type: 3}
      propertyPath: m_LocalRotation.y
      value: 0.6796519
      objectReference: {fileID: 0}
    - target: {fileID: 400130, guid: fc05c41a53b990447a21901619e6e522, type: 3}
      propertyPath: m_LocalRotation.z
      value: 0.6943546
      objectReference: {fileID: 0}
    - target: {fileID: 400130, guid: fc05c41a53b990447a21901619e6e522, type: 3}
      propertyPath: m_LocalRotation.w
      value: -0.133685
      objectReference: {fileID: 0}
    - target: {fileID: 100138, guid: fc05c41a53b990447a21901619e6e522, type: 3}
      propertyPath: m_Name
      value: Environment
      objectReference: {fileID: 0}
    - target: {fileID: 2300100, guid: fc05c41a53b990447a21901619e6e522, type: 3}
      propertyPath: m_Materials.Array.data[0]
      value: 
      objectReference: {fileID: 2100000, guid: 13dab2fd3b2d58543921d7dc90edf765, type: 2}
    - target: {fileID: 2300100, guid: fc05c41a53b990447a21901619e6e522, type: 3}
      propertyPath: m_Materials.Array.data[1]
      value: 
      objectReference: {fileID: 2100000, guid: 472d376aa45ca8b44abb2cb1d660a127, type: 2}
    m_RemovedComponents: []
  m_ParentPrefab: {fileID: 100100000, guid: fc05c41a53b990447a21901619e6e522, type: 3}
  m_IsPrefabParent: 0
--- !u!1 &183622267 stripped
GameObject:
  m_PrefabParentObject: {fileID: 128928, guid: 6738b34e6ad715f49aa680317e8dc9e9, type: 2}
  m_PrefabInternal: {fileID: 1744062537}
--- !u!1 &272162941
GameObject:
  m_ObjectHideFlags: 0
  m_PrefabParentObject: {fileID: 0}
  m_PrefabInternal: {fileID: 0}
  serializedVersion: 4
  m_Component:
  - 4: {fileID: 272162942}
  m_Layer: 0
  m_Name: Target 07
  m_TagString: TowerLocation
  m_Icon: {fileID: 2974397684917235467, guid: 0000000000000000d000000000000000, type: 0}
  m_NavMeshLayer: 0
  m_StaticEditorFlags: 0
  m_IsActive: 1
--- !u!4 &272162942
Transform:
  m_ObjectHideFlags: 0
  m_PrefabParentObject: {fileID: 0}
  m_PrefabInternal: {fileID: 0}
  m_GameObject: {fileID: 272162941}
  m_LocalRotation: {x: -4.32978e-17, y: 0.7071067, z: 0.7071068, w: -4.3297806e-17}
  m_LocalPosition: {x: 0.014855981, y: 0, z: 0.0866518}
  m_LocalScale: {x: 0.8214081, y: 0.82140833, z: 0.82140833}
  m_Children: []
  m_Father: {fileID: 978512253}
  m_RootOrder: 6
--- !u!1001 &290192198
Prefab:
  m_ObjectHideFlags: 0
  serializedVersion: 2
  m_Modification:
    m_TransformParent: {fileID: 0}
    m_Modifications:
    - target: {fileID: 22491270, guid: dc359d4051d2c5c40880ddb9e6e6ea74, type: 2}
      propertyPath: m_LocalPosition.x
      value: 0
      objectReference: {fileID: 0}
    - target: {fileID: 22491270, guid: dc359d4051d2c5c40880ddb9e6e6ea74, type: 2}
      propertyPath: m_LocalPosition.y
      value: 0
      objectReference: {fileID: 0}
    - target: {fileID: 22491270, guid: dc359d4051d2c5c40880ddb9e6e6ea74, type: 2}
      propertyPath: m_LocalPosition.z
      value: 0
      objectReference: {fileID: 0}
    - target: {fileID: 22491270, guid: dc359d4051d2c5c40880ddb9e6e6ea74, type: 2}
      propertyPath: m_LocalRotation.x
      value: 0
      objectReference: {fileID: 0}
    - target: {fileID: 22491270, guid: dc359d4051d2c5c40880ddb9e6e6ea74, type: 2}
      propertyPath: m_LocalRotation.y
      value: 0
      objectReference: {fileID: 0}
    - target: {fileID: 22491270, guid: dc359d4051d2c5c40880ddb9e6e6ea74, type: 2}
      propertyPath: m_LocalRotation.z
      value: 0
      objectReference: {fileID: 0}
    - target: {fileID: 22491270, guid: dc359d4051d2c5c40880ddb9e6e6ea74, type: 2}
      propertyPath: m_LocalRotation.w
      value: 1
      objectReference: {fileID: 0}
    - target: {fileID: 22491270, guid: dc359d4051d2c5c40880ddb9e6e6ea74, type: 2}
      propertyPath: m_RootOrder
      value: 9
      objectReference: {fileID: 0}
    - target: {fileID: 22491270, guid: dc359d4051d2c5c40880ddb9e6e6ea74, type: 2}
      propertyPath: m_AnchoredPosition.x
      value: 0
      objectReference: {fileID: 0}
    - target: {fileID: 22491270, guid: dc359d4051d2c5c40880ddb9e6e6ea74, type: 2}
      propertyPath: m_AnchoredPosition.y
      value: 0
      objectReference: {fileID: 0}
    - target: {fileID: 22491270, guid: dc359d4051d2c5c40880ddb9e6e6ea74, type: 2}
      propertyPath: m_SizeDelta.x
      value: 0
      objectReference: {fileID: 0}
    - target: {fileID: 22491270, guid: dc359d4051d2c5c40880ddb9e6e6ea74, type: 2}
      propertyPath: m_SizeDelta.y
      value: 0
      objectReference: {fileID: 0}
    - target: {fileID: 22491270, guid: dc359d4051d2c5c40880ddb9e6e6ea74, type: 2}
      propertyPath: m_AnchorMin.x
      value: 0
      objectReference: {fileID: 0}
    - target: {fileID: 22491270, guid: dc359d4051d2c5c40880ddb9e6e6ea74, type: 2}
      propertyPath: m_AnchorMin.y
      value: 0
      objectReference: {fileID: 0}
    - target: {fileID: 22491270, guid: dc359d4051d2c5c40880ddb9e6e6ea74, type: 2}
      propertyPath: m_AnchorMax.x
      value: 0
      objectReference: {fileID: 0}
    - target: {fileID: 22491270, guid: dc359d4051d2c5c40880ddb9e6e6ea74, type: 2}
      propertyPath: m_AnchorMax.y
      value: 0
      objectReference: {fileID: 0}
    - target: {fileID: 22491270, guid: dc359d4051d2c5c40880ddb9e6e6ea74, type: 2}
      propertyPath: m_Pivot.x
      value: 0
      objectReference: {fileID: 0}
    - target: {fileID: 22491270, guid: dc359d4051d2c5c40880ddb9e6e6ea74, type: 2}
      propertyPath: m_Pivot.y
      value: 0
      objectReference: {fileID: 0}
    - target: {fileID: 11472624, guid: dc359d4051d2c5c40880ddb9e6e6ea74, type: 2}
      propertyPath: playerInputObject
      value: 
      objectReference: {fileID: 962579014}
    - target: {fileID: 11421572, guid: dc359d4051d2c5c40880ddb9e6e6ea74, type: 2}
      propertyPath: playerInputObject
      value: 
      objectReference: {fileID: 183622267}
    m_RemovedComponents: []
  m_ParentPrefab: {fileID: 100100000, guid: dc359d4051d2c5c40880ddb9e6e6ea74, type: 2}
  m_IsPrefabParent: 0
--- !u!1 &417640443
GameObject:
  m_ObjectHideFlags: 0
  m_PrefabParentObject: {fileID: 0}
  m_PrefabInternal: {fileID: 0}
  serializedVersion: 4
  m_Component:
  - 4: {fileID: 417640444}
  m_Layer: 0
  m_Name: Target 03
  m_TagString: TowerLocation
  m_Icon: {fileID: 2974397684917235467, guid: 0000000000000000d000000000000000, type: 0}
  m_NavMeshLayer: 0
  m_StaticEditorFlags: 0
  m_IsActive: 1
--- !u!4 &417640444
Transform:
  m_ObjectHideFlags: 0
  m_PrefabParentObject: {fileID: 0}
  m_PrefabInternal: {fileID: 0}
  m_GameObject: {fileID: 417640443}
  m_LocalRotation: {x: -4.32978e-17, y: 0.7071067, z: 0.7071068, w: -4.3297806e-17}
  m_LocalPosition: {x: 0.014855981, y: 0, z: -7.1133485}
  m_LocalScale: {x: 0.8214081, y: 0.82140833, z: 0.82140833}
  m_Children: []
  m_Father: {fileID: 978512253}
  m_RootOrder: 10
--- !u!1 &514556531
GameObject:
  m_ObjectHideFlags: 0
  m_PrefabParentObject: {fileID: 0}
  m_PrefabInternal: {fileID: 0}
  serializedVersion: 4
  m_Component:
  - 4: {fileID: 514556532}
  m_Layer: 0
  m_Name: Target 06
  m_TagString: TowerLocation
  m_Icon: {fileID: 2974397684917235467, guid: 0000000000000000d000000000000000, type: 0}
  m_NavMeshLayer: 0
  m_StaticEditorFlags: 0
  m_IsActive: 1
--- !u!4 &514556532
Transform:
  m_ObjectHideFlags: 0
  m_PrefabParentObject: {fileID: 0}
  m_PrefabInternal: {fileID: 0}
  m_GameObject: {fileID: 514556531}
  m_LocalRotation: {x: -4.32978e-17, y: 0.7071067, z: 0.7071068, w: -4.3297806e-17}
  m_LocalPosition: {x: 9.014856, y: 0, z: 0.0866518}
  m_LocalScale: {x: 0.8214081, y: 0.82140833, z: 0.82140833}
  m_Children: []
  m_Father: {fileID: 978512253}
  m_RootOrder: 7
--- !u!1001 &644848882
Prefab:
  m_ObjectHideFlags: 0
  serializedVersion: 2
  m_Modification:
    m_TransformParent: {fileID: 1921697216}
    m_Modifications:
    - target: {fileID: 445814, guid: 08014bacc29ec624582a38321739e12b, type: 2}
      propertyPath: m_LocalPosition.x
      value: 0
      objectReference: {fileID: 0}
    - target: {fileID: 445814, guid: 08014bacc29ec624582a38321739e12b, type: 2}
      propertyPath: m_LocalPosition.y
      value: 0
      objectReference: {fileID: 0}
    - target: {fileID: 445814, guid: 08014bacc29ec624582a38321739e12b, type: 2}
      propertyPath: m_LocalPosition.z
      value: 0
      objectReference: {fileID: 0}
    - target: {fileID: 445814, guid: 08014bacc29ec624582a38321739e12b, type: 2}
      propertyPath: m_LocalRotation.x
      value: 0
      objectReference: {fileID: 0}
    - target: {fileID: 445814, guid: 08014bacc29ec624582a38321739e12b, type: 2}
      propertyPath: m_LocalRotation.y
      value: 0
      objectReference: {fileID: 0}
    - target: {fileID: 445814, guid: 08014bacc29ec624582a38321739e12b, type: 2}
      propertyPath: m_LocalRotation.z
      value: 0
      objectReference: {fileID: 0}
    - target: {fileID: 445814, guid: 08014bacc29ec624582a38321739e12b, type: 2}
      propertyPath: m_LocalRotation.w
      value: 1
      objectReference: {fileID: 0}
    - target: {fileID: 445814, guid: 08014bacc29ec624582a38321739e12b, type: 2}
      propertyPath: m_RootOrder
      value: 1
      objectReference: {fileID: 0}
    - target: {fileID: 179240, guid: 08014bacc29ec624582a38321739e12b, type: 2}
      propertyPath: m_Name
      value: Green Light Two
      objectReference: {fileID: 0}
    - target: {fileID: 10887666, guid: 08014bacc29ec624582a38321739e12b, type: 2}
      propertyPath: m_Range
      value: 15
      objectReference: {fileID: 0}
    - target: {fileID: 10887666, guid: 08014bacc29ec624582a38321739e12b, type: 2}
      propertyPath: m_Color.b
      value: 1
      objectReference: {fileID: 0}
    m_RemovedComponents: []
  m_ParentPrefab: {fileID: 100100000, guid: 08014bacc29ec624582a38321739e12b, type: 2}
  m_IsPrefabParent: 0
--- !u!1 &644848883 stripped
GameObject:
  m_PrefabParentObject: {fileID: 179240, guid: 08014bacc29ec624582a38321739e12b, type: 2}
  m_PrefabInternal: {fileID: 644848882}
--- !u!114 &644848884
MonoBehaviour:
  m_ObjectHideFlags: 0
  m_PrefabParentObject: {fileID: 0}
  m_PrefabInternal: {fileID: 0}
  m_GameObject: {fileID: 644848883}
  m_Enabled: 1
  m_EditorHideFlags: 0
  m_Script: {fileID: 11500000, guid: 358002471f084eb4d8388a2a6db1464b, type: 3}
  m_Name: 
  m_EditorClassIdentifier: 
  frequency: 1
  magnitude: 1
  min: 3
--- !u!4 &644848885 stripped
Transform:
  m_PrefabParentObject: {fileID: 0}
  m_PrefabInternal: {fileID: 644848882}
--- !u!1 &666337276
GameObject:
  m_ObjectHideFlags: 0
  m_PrefabParentObject: {fileID: 0}
  m_PrefabInternal: {fileID: 0}
  serializedVersion: 4
  m_Component:
  - 4: {fileID: 666337277}
  m_Layer: 0
  m_Name: Target 05
  m_TagString: EmptyLocation
  m_Icon: {fileID: 2974397684917235467, guid: 0000000000000000d000000000000000, type: 0}
  m_NavMeshLayer: 0
  m_StaticEditorFlags: 0
  m_IsActive: 1
--- !u!4 &666337277
Transform:
  m_ObjectHideFlags: 0
  m_PrefabParentObject: {fileID: 0}
  m_PrefabInternal: {fileID: 0}
  m_GameObject: {fileID: 666337276}
  m_LocalRotation: {x: -0.030843567, y: 0.7064338, z: 0.7064338, w: 0.030843565}
  m_LocalPosition: {x: -13, y: 0, z: -4.2}
  m_LocalScale: {x: 3.0403638, y: 3.0403655, z: 3.0403657}
  m_Children: []
  m_Father: {fileID: 978512253}
  m_RootOrder: 8
--- !u!1001 &699074545
Prefab:
  m_ObjectHideFlags: 0
  serializedVersion: 2
  m_Modification:
    m_TransformParent: {fileID: 0}
    m_Modifications:
    - target: {fileID: 22448784, guid: bb91fc62ae3453d47ac7ead9c2a59410, type: 2}
      propertyPath: m_LocalPosition.x
      value: 0
      objectReference: {fileID: 0}
    - target: {fileID: 22448784, guid: bb91fc62ae3453d47ac7ead9c2a59410, type: 2}
      propertyPath: m_LocalPosition.y
      value: 0
      objectReference: {fileID: 0}
    - target: {fileID: 22448784, guid: bb91fc62ae3453d47ac7ead9c2a59410, type: 2}
      propertyPath: m_LocalPosition.z
      value: 0
      objectReference: {fileID: 0}
    - target: {fileID: 22448784, guid: bb91fc62ae3453d47ac7ead9c2a59410, type: 2}
      propertyPath: m_LocalRotation.x
      value: 0
      objectReference: {fileID: 0}
    - target: {fileID: 22448784, guid: bb91fc62ae3453d47ac7ead9c2a59410, type: 2}
      propertyPath: m_LocalRotation.y
      value: 0
      objectReference: {fileID: 0}
    - target: {fileID: 22448784, guid: bb91fc62ae3453d47ac7ead9c2a59410, type: 2}
      propertyPath: m_LocalRotation.z
      value: 0
      objectReference: {fileID: 0}
    - target: {fileID: 22448784, guid: bb91fc62ae3453d47ac7ead9c2a59410, type: 2}
      propertyPath: m_LocalRotation.w
      value: 1
      objectReference: {fileID: 0}
    - target: {fileID: 22448784, guid: bb91fc62ae3453d47ac7ead9c2a59410, type: 2}
      propertyPath: m_RootOrder
      value: 4
      objectReference: {fileID: 0}
    - target: {fileID: 22448784, guid: bb91fc62ae3453d47ac7ead9c2a59410, type: 2}
      propertyPath: m_AnchoredPosition.x
      value: 0
      objectReference: {fileID: 0}
    - target: {fileID: 22448784, guid: bb91fc62ae3453d47ac7ead9c2a59410, type: 2}
      propertyPath: m_AnchoredPosition.y
      value: 0
      objectReference: {fileID: 0}
    - target: {fileID: 22448784, guid: bb91fc62ae3453d47ac7ead9c2a59410, type: 2}
      propertyPath: m_SizeDelta.x
      value: 1.75
      objectReference: {fileID: 0}
    - target: {fileID: 22448784, guid: bb91fc62ae3453d47ac7ead9c2a59410, type: 2}
      propertyPath: m_SizeDelta.y
      value: 1.75
      objectReference: {fileID: 0}
    - target: {fileID: 22448784, guid: bb91fc62ae3453d47ac7ead9c2a59410, type: 2}
      propertyPath: m_AnchorMin.x
      value: 0
      objectReference: {fileID: 0}
    - target: {fileID: 22448784, guid: bb91fc62ae3453d47ac7ead9c2a59410, type: 2}
      propertyPath: m_AnchorMin.y
      value: 0
      objectReference: {fileID: 0}
    - target: {fileID: 22448784, guid: bb91fc62ae3453d47ac7ead9c2a59410, type: 2}
      propertyPath: m_AnchorMax.x
      value: 0
      objectReference: {fileID: 0}
    - target: {fileID: 22448784, guid: bb91fc62ae3453d47ac7ead9c2a59410, type: 2}
      propertyPath: m_AnchorMax.y
      value: 0
      objectReference: {fileID: 0}
    - target: {fileID: 22448784, guid: bb91fc62ae3453d47ac7ead9c2a59410, type: 2}
      propertyPath: m_Pivot.x
      value: 0.5
      objectReference: {fileID: 0}
    - target: {fileID: 22448784, guid: bb91fc62ae3453d47ac7ead9c2a59410, type: 2}
      propertyPath: m_Pivot.y
      value: 0.5
      objectReference: {fileID: 0}
    - target: {fileID: 11442938, guid: bb91fc62ae3453d47ac7ead9c2a59410, type: 2}
      propertyPath: playerInputObject
      value: 
      objectReference: {fileID: 183622267}
    - target: {fileID: 11427170, guid: bb91fc62ae3453d47ac7ead9c2a59410, type: 2}
      propertyPath: markers.Array.data[0]
      value: 
      objectReference: {fileID: 1095127362}
    - target: {fileID: 11427170, guid: bb91fc62ae3453d47ac7ead9c2a59410, type: 2}
      propertyPath: markers.Array.data[1]
      value: 
      objectReference: {fileID: 1661427998}
    - target: {fileID: 11427170, guid: bb91fc62ae3453d47ac7ead9c2a59410, type: 2}
      propertyPath: markers.Array.data[2]
      value: 
      objectReference: {fileID: 1085487458}
    - target: {fileID: 11427170, guid: bb91fc62ae3453d47ac7ead9c2a59410, type: 2}
      propertyPath: playerInputObject
      value: 
      objectReference: {fileID: 183622267}
    m_RemovedComponents: []
  m_ParentPrefab: {fileID: 100100000, guid: bb91fc62ae3453d47ac7ead9c2a59410, type: 2}
  m_IsPrefabParent: 0
--- !u!1001 &816602092
Prefab:
  m_ObjectHideFlags: 0
  serializedVersion: 2
  m_Modification:
    m_TransformParent: {fileID: 1461256363}
    m_Modifications:
    - target: {fileID: 445814, guid: 08014bacc29ec624582a38321739e12b, type: 2}
      propertyPath: m_LocalPosition.x
      value: 0
      objectReference: {fileID: 0}
    - target: {fileID: 445814, guid: 08014bacc29ec624582a38321739e12b, type: 2}
      propertyPath: m_LocalPosition.y
      value: 0
      objectReference: {fileID: 0}
    - target: {fileID: 445814, guid: 08014bacc29ec624582a38321739e12b, type: 2}
      propertyPath: m_LocalPosition.z
      value: 0
      objectReference: {fileID: 0}
    - target: {fileID: 445814, guid: 08014bacc29ec624582a38321739e12b, type: 2}
      propertyPath: m_LocalRotation.x
      value: 0
      objectReference: {fileID: 0}
    - target: {fileID: 445814, guid: 08014bacc29ec624582a38321739e12b, type: 2}
      propertyPath: m_LocalRotation.y
      value: 0
      objectReference: {fileID: 0}
    - target: {fileID: 445814, guid: 08014bacc29ec624582a38321739e12b, type: 2}
      propertyPath: m_LocalRotation.z
      value: 0
      objectReference: {fileID: 0}
    - target: {fileID: 445814, guid: 08014bacc29ec624582a38321739e12b, type: 2}
      propertyPath: m_LocalRotation.w
      value: 1
      objectReference: {fileID: 0}
    - target: {fileID: 445814, guid: 08014bacc29ec624582a38321739e12b, type: 2}
      propertyPath: m_RootOrder
      value: 1
      objectReference: {fileID: 0}
    - target: {fileID: 179240, guid: 08014bacc29ec624582a38321739e12b, type: 2}
      propertyPath: m_Name
      value: Green Light One
      objectReference: {fileID: 0}
    - target: {fileID: 10887666, guid: 08014bacc29ec624582a38321739e12b, type: 2}
      propertyPath: m_Color.r
      value: 1
      objectReference: {fileID: 0}
    - target: {fileID: 10887666, guid: 08014bacc29ec624582a38321739e12b, type: 2}
      propertyPath: m_Color.g
      value: 0.2647059
      objectReference: {fileID: 0}
    - target: {fileID: 10887666, guid: 08014bacc29ec624582a38321739e12b, type: 2}
      propertyPath: m_Color.b
      value: 0.2647059
      objectReference: {fileID: 0}
    m_RemovedComponents: []
  m_ParentPrefab: {fileID: 100100000, guid: 08014bacc29ec624582a38321739e12b, type: 2}
  m_IsPrefabParent: 0
--- !u!4 &816602093 stripped
Transform:
  m_PrefabParentObject: {fileID: 0}
  m_PrefabInternal: {fileID: 816602092}
--- !u!1 &878847991
GameObject:
  m_ObjectHideFlags: 0
  m_PrefabParentObject: {fileID: 0}
  m_PrefabInternal: {fileID: 0}
  serializedVersion: 4
  m_Component:
  - 4: {fileID: 878847992}
  - 114: {fileID: 878847993}
  m_Layer: 0
  m_Name: Spawner
  m_TagString: Untagged
  m_Icon: {fileID: 0}
  m_NavMeshLayer: 0
  m_StaticEditorFlags: 0
  m_IsActive: 1
--- !u!4 &878847992
Transform:
  m_ObjectHideFlags: 0
  m_PrefabParentObject: {fileID: 0}
  m_PrefabInternal: {fileID: 0}
  m_GameObject: {fileID: 878847991}
  m_LocalRotation: {x: 0, y: 0, z: 0, w: 1}
  m_LocalPosition: {x: 0, y: 0, z: 0}
  m_LocalScale: {x: 1, y: 1, z: 1}
  m_Children: []
  m_Father: {fileID: 0}
  m_RootOrder: 6
--- !u!114 &878847993
MonoBehaviour:
  m_ObjectHideFlags: 0
  m_PrefabParentObject: {fileID: 0}
  m_PrefabInternal: {fileID: 0}
  m_GameObject: {fileID: 878847991}
  m_Enabled: 1
  m_EditorHideFlags: 0
  m_Script: {fileID: 11500000, guid: a561fb51b75715e4db0272040d3138d9, type: 3}
  m_Name: 
  m_EditorClassIdentifier: 
  cultist: {fileID: 188128, guid: 8db5634dff970df40a605f9384e19afb, type: 2}
  builder: {fileID: 194104, guid: 9a5466b3028bb0d498813ba1354ac9f8, type: 2}
  bomb: {fileID: 191006, guid: 1735f70d8a54b55409ec24e5f1379d85, type: 2}
  tank: {fileID: 188128, guid: abfa258fe744a224c9a2721bb909b161, type: 2}
  ghost: {fileID: 188128, guid: 8db5634dff970df40a605f9384e19afb, type: 2}
  leftLaneSpawnPoint: {fileID: 1791872806}
  rightLaneSpawnPoint: {fileID: 132877871}
  playerOneVoice: {fileID: 671825}
  playerTwoVoice: {fileID: 1781302490}
  qMinionType: 0
  qDirection: -1
  qLane: 1
--- !u!1 &962579014 stripped
GameObject:
  m_PrefabParentObject: {fileID: 156384, guid: 2d66c29f0a74fe84994f1880e953056e, type: 2}
  m_PrefabInternal: {fileID: 1360440193}
--- !u!1 &978512252
GameObject:
  m_ObjectHideFlags: 0
  m_PrefabParentObject: {fileID: 0}
  m_PrefabInternal: {fileID: 0}
  serializedVersion: 4
  m_Component:
  - 4: {fileID: 978512253}
  - 114: {fileID: 978512254}
  m_Layer: 0
  m_Name: Waypoints
  m_TagString: Untagged
  m_Icon: {fileID: 0}
  m_NavMeshLayer: 0
  m_StaticEditorFlags: 0
  m_IsActive: 1
--- !u!4 &978512253
Transform:
  m_ObjectHideFlags: 0
  m_PrefabParentObject: {fileID: 0}
  m_PrefabInternal: {fileID: 0}
  m_GameObject: {fileID: 978512252}
  m_LocalRotation: {x: 0, y: 0, z: 0, w: 1}
  m_LocalPosition: {x: 0, y: 0, z: 0}
  m_LocalScale: {x: 1, y: 1, z: 1}
  m_Children:
  - {fileID: 1238635864}
  - {fileID: 1095127363}
  - {fileID: 1014386021}
  - {fileID: 1731669563}
  - {fileID: 1426114709}
  - {fileID: 1661427999}
  - {fileID: 272162942}
  - {fileID: 514556532}
  - {fileID: 666337277}
  - {fileID: 1085487459}
  - {fileID: 417640444}
  - {fileID: 1334353811}
  - {fileID: 1344253434}
  - {fileID: 1791872806}
  - {fileID: 132877871}
  m_Father: {fileID: 0}
  m_RootOrder: 3
--- !u!114 &978512254
MonoBehaviour:
  m_ObjectHideFlags: 0
  m_PrefabParentObject: {fileID: 0}
  m_PrefabInternal: {fileID: 0}
  m_GameObject: {fileID: 978512252}
  m_Enabled: 1
  m_EditorHideFlags: 0
  m_Script: {fileID: 11500000, guid: fe3721ab64bc7d645b4cd9774af4e2a0, type: 3}
  m_Name: 
  m_EditorClassIdentifier: 
  WaypointsArray: []
--- !u!1 &1009491156
GameObject:
  m_ObjectHideFlags: 0
  m_PrefabParentObject: {fileID: 0}
  m_PrefabInternal: {fileID: 0}
  serializedVersion: 4
  m_Component:
  - 4: {fileID: 1009491158}
  - 108: {fileID: 1009491157}
  m_Layer: 0
  m_Name: Directional Light
  m_TagString: Untagged
  m_Icon: {fileID: 0}
  m_NavMeshLayer: 0
  m_StaticEditorFlags: 0
  m_IsActive: 1
--- !u!108 &1009491157
Light:
  m_ObjectHideFlags: 0
  m_PrefabParentObject: {fileID: 0}
  m_PrefabInternal: {fileID: 0}
  m_GameObject: {fileID: 1009491156}
  m_Enabled: 1
  serializedVersion: 6
  m_Type: 1
  m_Color: {r: 0.4068988, g: 0.41722348, b: 0.52205884, a: 1}
  m_Intensity: 1
  m_Range: 10
  m_SpotAngle: 30
  m_CookieSize: 10
  m_Shadows:
    m_Type: 2
    m_Resolution: -1
    m_Strength: 1
    m_Bias: 0.05
    m_NormalBias: 0.4
    m_NearPlane: 0.2
  m_Cookie: {fileID: 0}
  m_DrawHalo: 0
  m_Flare: {fileID: 0}
  m_RenderMode: 0
  m_CullingMask:
    serializedVersion: 2
    m_Bits: 4294967295
  m_Lightmapping: 4
  m_BounceIntensity: 1
  m_ShadowRadius: 0
  m_ShadowAngle: 0
  m_AreaSize: {x: 1, y: 1}
--- !u!4 &1009491158
Transform:
  m_ObjectHideFlags: 0
  m_PrefabParentObject: {fileID: 0}
  m_PrefabInternal: {fileID: 0}
  m_GameObject: {fileID: 1009491156}
  m_LocalRotation: {x: 0.40821794, y: -0.23456973, z: 0.109381676, w: 0.87542605}
  m_LocalPosition: {x: 0, y: 3, z: 0}
  m_LocalScale: {x: 1, y: 1, z: 1}
  m_Children: []
  m_Father: {fileID: 0}
  m_RootOrder: 2
--- !u!1 &1014386020
GameObject:
  m_ObjectHideFlags: 0
  m_PrefabParentObject: {fileID: 0}
  m_PrefabInternal: {fileID: 0}
  serializedVersion: 4
  m_Component:
  - 4: {fileID: 1014386021}
  m_Layer: 0
  m_Name: Target 11
  m_TagString: TowerLocation
  m_Icon: {fileID: 2974397684917235467, guid: 0000000000000000d000000000000000, type: 0}
  m_NavMeshLayer: 0
  m_StaticEditorFlags: 0
  m_IsActive: 1
--- !u!4 &1014386021
Transform:
  m_ObjectHideFlags: 0
  m_PrefabParentObject: {fileID: 0}
  m_PrefabInternal: {fileID: 0}
  m_GameObject: {fileID: 1014386020}
  m_LocalRotation: {x: -4.32978e-17, y: 0.7071067, z: 0.7071068, w: -4.3297806e-17}
  m_LocalPosition: {x: 0.014855981, y: 0, z: 7.386652}
  m_LocalScale: {x: 0.8214081, y: 0.82140833, z: 0.82140833}
  m_Children: []
  m_Father: {fileID: 978512253}
  m_RootOrder: 2
--- !u!1 &1085487458
GameObject:
  m_ObjectHideFlags: 0
  m_PrefabParentObject: {fileID: 0}
  m_PrefabInternal: {fileID: 0}
  serializedVersion: 4
  m_Component:
  - 4: {fileID: 1085487459}
  m_Layer: 0
  m_Name: Target 04
  m_TagString: TowerLocation
  m_Icon: {fileID: 2974397684917235467, guid: 0000000000000000d000000000000000, type: 0}
  m_NavMeshLayer: 0
  m_StaticEditorFlags: 0
  m_IsActive: 1
--- !u!4 &1085487459
Transform:
  m_ObjectHideFlags: 0
  m_PrefabParentObject: {fileID: 0}
  m_PrefabInternal: {fileID: 0}
  m_GameObject: {fileID: 1085487458}
  m_LocalRotation: {x: -4.32978e-17, y: 0.7071067, z: 0.7071068, w: -4.3297806e-17}
  m_LocalPosition: {x: -8.985144, y: 0, z: -5.713348}
  m_LocalScale: {x: 0.8214081, y: 0.82140833, z: 0.82140833}
  m_Children: []
  m_Father: {fileID: 978512253}
  m_RootOrder: 9
--- !u!1 &1095127362
GameObject:
  m_ObjectHideFlags: 0
  m_PrefabParentObject: {fileID: 0}
  m_PrefabInternal: {fileID: 0}
  serializedVersion: 4
  m_Component:
  - 4: {fileID: 1095127363}
  m_Layer: 0
  m_Name: Target 12
  m_TagString: TowerLocation
  m_Icon: {fileID: 2974397684917235467, guid: 0000000000000000d000000000000000, type: 0}
  m_NavMeshLayer: 0
  m_StaticEditorFlags: 0
  m_IsActive: 1
--- !u!4 &1095127363
Transform:
  m_ObjectHideFlags: 0
  m_PrefabParentObject: {fileID: 0}
  m_PrefabInternal: {fileID: 0}
  m_GameObject: {fileID: 1095127362}
  m_LocalRotation: {x: -4.32978e-17, y: 0.7071067, z: 0.7071068, w: -4.3297806e-17}
  m_LocalPosition: {x: -8.985144, y: 0, z: 5.686652}
  m_LocalScale: {x: 0.8214081, y: 0.82140833, z: 0.82140833}
  m_Children: []
  m_Father: {fileID: 978512253}
  m_RootOrder: 1
--- !u!1 &1238635863
GameObject:
  m_ObjectHideFlags: 0
  m_PrefabParentObject: {fileID: 0}
  m_PrefabInternal: {fileID: 0}
  serializedVersion: 4
  m_Component:
  - 4: {fileID: 1238635864}
  m_Layer: 0
  m_Name: Target 13
  m_TagString: EmptyLocation
  m_Icon: {fileID: 2974397684917235467, guid: 0000000000000000d000000000000000, type: 0}
  m_NavMeshLayer: 0
  m_StaticEditorFlags: 0
  m_IsActive: 1
--- !u!4 &1238635864
Transform:
  m_ObjectHideFlags: 0
  m_PrefabParentObject: {fileID: 0}
  m_PrefabInternal: {fileID: 0}
  m_GameObject: {fileID: 1238635863}
  m_LocalRotation: {x: -0.030843567, y: 0.7064338, z: 0.7064338, w: 0.030843565}
  m_LocalPosition: {x: -13, y: 0, z: 4.2}
  m_LocalScale: {x: 3.0403636, y: 3.0403655, z: 3.0403657}
  m_Children: []
  m_Father: {fileID: 978512253}
  m_RootOrder: 0
--- !u!1 &1334353810
GameObject:
  m_ObjectHideFlags: 0
  m_PrefabParentObject: {fileID: 0}
  m_PrefabInternal: {fileID: 0}
  serializedVersion: 4
  m_Component:
  - 4: {fileID: 1334353811}
  m_Layer: 0
  m_Name: Target 02
  m_TagString: TowerLocation
  m_Icon: {fileID: 2974397684917235467, guid: 0000000000000000d000000000000000, type: 0}
  m_NavMeshLayer: 0
  m_StaticEditorFlags: 0
  m_IsActive: 1
--- !u!4 &1334353811
Transform:
  m_ObjectHideFlags: 0
  m_PrefabParentObject: {fileID: 0}
  m_PrefabInternal: {fileID: 0}
  m_GameObject: {fileID: 1334353810}
  m_LocalRotation: {x: -4.32978e-17, y: 0.7071067, z: 0.7071068, w: -4.3297806e-17}
  m_LocalPosition: {x: 9.014856, y: 0, z: -5.713348}
  m_LocalScale: {x: 0.8214081, y: 0.82140833, z: 0.82140833}
  m_Children: []
  m_Father: {fileID: 978512253}
  m_RootOrder: 11
--- !u!1 &1344253433
GameObject:
  m_ObjectHideFlags: 0
  m_PrefabParentObject: {fileID: 0}
  m_PrefabInternal: {fileID: 0}
  serializedVersion: 4
  m_Component:
  - 4: {fileID: 1344253434}
  m_Layer: 0
  m_Name: Target 01
  m_TagString: EmptyLocation
  m_Icon: {fileID: 2974397684917235467, guid: 0000000000000000d000000000000000, type: 0}
  m_NavMeshLayer: 0
  m_StaticEditorFlags: 0
  m_IsActive: 1
--- !u!4 &1344253434
Transform:
  m_ObjectHideFlags: 0
  m_PrefabParentObject: {fileID: 0}
  m_PrefabInternal: {fileID: 0}
  m_GameObject: {fileID: 1344253433}
  m_LocalRotation: {x: -0.030843567, y: 0.7064338, z: 0.7064338, w: 0.030843565}
  m_LocalPosition: {x: 13, y: 0, z: -4.2}
  m_LocalScale: {x: 3.040364, y: 3.0403655, z: 3.0403657}
  m_Children: []
  m_Father: {fileID: 978512253}
  m_RootOrder: 12
--- !u!1001 &1360440193
Prefab:
  m_ObjectHideFlags: 0
  serializedVersion: 2
  m_Modification:
    m_TransformParent: {fileID: 0}
    m_Modifications:
    - target: {fileID: 494368, guid: 2d66c29f0a74fe84994f1880e953056e, type: 2}
      propertyPath: m_LocalPosition.x
      value: 0
      objectReference: {fileID: 0}
    - target: {fileID: 494368, guid: 2d66c29f0a74fe84994f1880e953056e, type: 2}
      propertyPath: m_LocalPosition.y
      value: 0
      objectReference: {fileID: 0}
    - target: {fileID: 494368, guid: 2d66c29f0a74fe84994f1880e953056e, type: 2}
      propertyPath: m_LocalPosition.z
      value: 0
      objectReference: {fileID: 0}
    - target: {fileID: 494368, guid: 2d66c29f0a74fe84994f1880e953056e, type: 2}
      propertyPath: m_LocalRotation.x
      value: 0
      objectReference: {fileID: 0}
    - target: {fileID: 494368, guid: 2d66c29f0a74fe84994f1880e953056e, type: 2}
      propertyPath: m_LocalRotation.y
      value: 0
      objectReference: {fileID: 0}
    - target: {fileID: 494368, guid: 2d66c29f0a74fe84994f1880e953056e, type: 2}
      propertyPath: m_LocalRotation.z
      value: 0
      objectReference: {fileID: 0}
    - target: {fileID: 494368, guid: 2d66c29f0a74fe84994f1880e953056e, type: 2}
      propertyPath: m_LocalRotation.w
      value: 1
      objectReference: {fileID: 0}
    - target: {fileID: 494368, guid: 2d66c29f0a74fe84994f1880e953056e, type: 2}
      propertyPath: m_RootOrder
      value: 8
      objectReference: {fileID: 0}
    m_RemovedComponents: []
  m_ParentPrefab: {fileID: 100100000, guid: 2d66c29f0a74fe84994f1880e953056e, type: 2}
  m_IsPrefabParent: 0
--- !u!1 &1426114708
GameObject:
  m_ObjectHideFlags: 0
  m_PrefabParentObject: {fileID: 0}
  m_PrefabInternal: {fileID: 0}
  serializedVersion: 4
  m_Component:
  - 4: {fileID: 1426114709}
  m_Layer: 0
  m_Name: Target 09
  m_TagString: EmptyLocation
  m_Icon: {fileID: 2974397684917235467, guid: 0000000000000000d000000000000000, type: 0}
  m_NavMeshLayer: 0
  m_StaticEditorFlags: 0
  m_IsActive: 1
--- !u!4 &1426114709
Transform:
  m_ObjectHideFlags: 0
  m_PrefabParentObject: {fileID: 0}
  m_PrefabInternal: {fileID: 0}
  m_GameObject: {fileID: 1426114708}
  m_LocalRotation: {x: -0.030843567, y: 0.7064338, z: 0.7064338, w: 0.030843565}
  m_LocalPosition: {x: 13, y: 0, z: 4.2}
  m_LocalScale: {x: 3.0403638, y: 3.0403655, z: 3.0403657}
  m_Children: []
  m_Father: {fileID: 978512253}
  m_RootOrder: 4
--- !u!1001 &1427034302
Prefab:
  m_ObjectHideFlags: 0
  serializedVersion: 2
  m_Modification:
    m_TransformParent: {fileID: 1921697216}
    m_Modifications:
    - target: {fileID: 11498446, guid: 1a4adbf34eea5034e9cf57da55f16a0c, type: 2}
      propertyPath: cultistClips.Array.size
      value: 0
      objectReference: {fileID: 0}
    - target: {fileID: 458220, guid: 1a4adbf34eea5034e9cf57da55f16a0c, type: 2}
      propertyPath: m_LocalPosition.x
      value: 0
      objectReference: {fileID: 0}
    - target: {fileID: 458220, guid: 1a4adbf34eea5034e9cf57da55f16a0c, type: 2}
      propertyPath: m_LocalPosition.y
      value: 0
      objectReference: {fileID: 0}
    - target: {fileID: 458220, guid: 1a4adbf34eea5034e9cf57da55f16a0c, type: 2}
      propertyPath: m_LocalPosition.z
      value: 0
      objectReference: {fileID: 0}
    - target: {fileID: 458220, guid: 1a4adbf34eea5034e9cf57da55f16a0c, type: 2}
      propertyPath: m_LocalRotation.x
      value: 0
      objectReference: {fileID: 0}
    - target: {fileID: 458220, guid: 1a4adbf34eea5034e9cf57da55f16a0c, type: 2}
      propertyPath: m_LocalRotation.y
      value: 0
      objectReference: {fileID: 0}
    - target: {fileID: 458220, guid: 1a4adbf34eea5034e9cf57da55f16a0c, type: 2}
      propertyPath: m_LocalRotation.z
      value: 0
      objectReference: {fileID: 0}
    - target: {fileID: 458220, guid: 1a4adbf34eea5034e9cf57da55f16a0c, type: 2}
      propertyPath: m_LocalRotation.w
      value: 1
      objectReference: {fileID: 0}
    - target: {fileID: 458220, guid: 1a4adbf34eea5034e9cf57da55f16a0c, type: 2}
      propertyPath: m_RootOrder
      value: 0
      objectReference: {fileID: 0}
    - target: {fileID: 177140, guid: 1a4adbf34eea5034e9cf57da55f16a0c, type: 2}
      propertyPath: m_Name
      value: Player Two Audio Source
      objectReference: {fileID: 0}
    - target: {fileID: 11498446, guid: 1a4adbf34eea5034e9cf57da55f16a0c, type: 2}
      propertyPath: cultistClips.Array.data[0]
      value: 
      objectReference: {fileID: 8300000, guid: 4cf17bf38193baf47a21da0cce298cb8, type: 3}
    - target: {fileID: 11498446, guid: 1a4adbf34eea5034e9cf57da55f16a0c, type: 2}
      propertyPath: cultistClips.Array.data[1]
      value: 
      objectReference: {fileID: 8300000, guid: 72526275874187b4d89a69e2d43a5135, type: 3}
    - target: {fileID: 11498446, guid: 1a4adbf34eea5034e9cf57da55f16a0c, type: 2}
      propertyPath: cultistClips.Array.data[2]
      value: 
      objectReference: {fileID: 8300000, guid: 344f02a66fb00964b91e8d40560aeb20, type: 3}
    - target: {fileID: 11498446, guid: 1a4adbf34eea5034e9cf57da55f16a0c, type: 2}
      propertyPath: cultistClips.Array.data[3]
      value: 
      objectReference: {fileID: 8300000, guid: 0c61f84a94de0d94ca9fd6b5cd2ca017, type: 3}
    m_RemovedComponents:
    - {fileID: 11498446, guid: 1a4adbf34eea5034e9cf57da55f16a0c, type: 2}
  m_ParentPrefab: {fileID: 100100000, guid: 1a4adbf34eea5034e9cf57da55f16a0c, type: 2}
  m_IsPrefabParent: 0
--- !u!4 &1427034303 stripped
Transform:
  m_PrefabParentObject: {fileID: 0}
  m_PrefabInternal: {fileID: 1427034302}
--- !u!1 &1461256362
GameObject:
  m_ObjectHideFlags: 0
  m_PrefabParentObject: {fileID: 0}
  m_PrefabInternal: {fileID: 0}
  serializedVersion: 4
  m_Component:
  - 4: {fileID: 1461256363}
  m_Layer: 0
  m_Name: Player One Container
  m_TagString: Untagged
  m_Icon: {fileID: 0}
  m_NavMeshLayer: 0
  m_StaticEditorFlags: 0
  m_IsActive: 1
--- !u!4 &1461256363
Transform:
  m_ObjectHideFlags: 0
  m_PrefabParentObject: {fileID: 0}
  m_PrefabInternal: {fileID: 0}
  m_GameObject: {fileID: 1461256362}
  m_LocalRotation: {x: 0, y: 0, z: 0, w: 1}
  m_LocalPosition: {x: -16.7, y: 6.75, z: 0}
  m_LocalScale: {x: 1, y: 1, z: 1}
  m_Children:
  - {fileID: 1470749649}
  - {fileID: 816602093}
  m_Father: {fileID: 0}
  m_RootOrder: 8
--- !u!1001 &1470749648
Prefab:
  m_ObjectHideFlags: 0
  serializedVersion: 2
  m_Modification:
    m_TransformParent: {fileID: 1461256363}
    m_Modifications:
    - target: {fileID: 458220, guid: 1a4adbf34eea5034e9cf57da55f16a0c, type: 2}
      propertyPath: m_LocalPosition.x
      value: 0
      objectReference: {fileID: 0}
    - target: {fileID: 458220, guid: 1a4adbf34eea5034e9cf57da55f16a0c, type: 2}
      propertyPath: m_LocalPosition.y
      value: 0
      objectReference: {fileID: 0}
    - target: {fileID: 458220, guid: 1a4adbf34eea5034e9cf57da55f16a0c, type: 2}
      propertyPath: m_LocalPosition.z
      value: 0
      objectReference: {fileID: 0}
    - target: {fileID: 458220, guid: 1a4adbf34eea5034e9cf57da55f16a0c, type: 2}
      propertyPath: m_LocalRotation.x
      value: 0
      objectReference: {fileID: 0}
    - target: {fileID: 458220, guid: 1a4adbf34eea5034e9cf57da55f16a0c, type: 2}
      propertyPath: m_LocalRotation.y
      value: 0
      objectReference: {fileID: 0}
    - target: {fileID: 458220, guid: 1a4adbf34eea5034e9cf57da55f16a0c, type: 2}
      propertyPath: m_LocalRotation.z
      value: 0
      objectReference: {fileID: 0}
    - target: {fileID: 458220, guid: 1a4adbf34eea5034e9cf57da55f16a0c, type: 2}
      propertyPath: m_LocalRotation.w
      value: 1
      objectReference: {fileID: 0}
    - target: {fileID: 458220, guid: 1a4adbf34eea5034e9cf57da55f16a0c, type: 2}
      propertyPath: m_RootOrder
      value: 0
      objectReference: {fileID: 0}
    - target: {fileID: 177140, guid: 1a4adbf34eea5034e9cf57da55f16a0c, type: 2}
      propertyPath: m_Name
      value: Player One Audio Source
      objectReference: {fileID: 0}
    m_RemovedComponents: []
  m_ParentPrefab: {fileID: 100100000, guid: 1a4adbf34eea5034e9cf57da55f16a0c, type: 2}
  m_IsPrefabParent: 0
--- !u!4 &1470749649 stripped
Transform:
  m_PrefabParentObject: {fileID: 0}
  m_PrefabInternal: {fileID: 1470749648}
--- !u!1001 &1602314997
Prefab:
  m_ObjectHideFlags: 0
  serializedVersion: 2
  m_Modification:
    m_TransformParent: {fileID: 0}
    m_Modifications:
    - target: {fileID: 485710, guid: 5a4ca8024493b6042a083c333fcaee40, type: 2}
      propertyPath: m_LocalPosition.x
      value: 0
      objectReference: {fileID: 0}
    - target: {fileID: 485710, guid: 5a4ca8024493b6042a083c333fcaee40, type: 2}
      propertyPath: m_LocalPosition.y
      value: 2.588
      objectReference: {fileID: 0}
    - target: {fileID: 485710, guid: 5a4ca8024493b6042a083c333fcaee40, type: 2}
      propertyPath: m_LocalPosition.z
      value: 2.6
      objectReference: {fileID: 0}
    - target: {fileID: 485710, guid: 5a4ca8024493b6042a083c333fcaee40, type: 2}
      propertyPath: m_LocalRotation.x
      value: -0.6688063
      objectReference: {fileID: 0}
    - target: {fileID: 485710, guid: 5a4ca8024493b6042a083c333fcaee40, type: 2}
      propertyPath: m_LocalRotation.y
      value: 0
      objectReference: {fileID: 0}
    - target: {fileID: 485710, guid: 5a4ca8024493b6042a083c333fcaee40, type: 2}
      propertyPath: m_LocalRotation.z
      value: 0
      objectReference: {fileID: 0}
    - target: {fileID: 485710, guid: 5a4ca8024493b6042a083c333fcaee40, type: 2}
      propertyPath: m_LocalRotation.w
      value: 0.7434367
      objectReference: {fileID: 0}
    - target: {fileID: 485710, guid: 5a4ca8024493b6042a083c333fcaee40, type: 2}
      propertyPath: m_RootOrder
      value: 13
      objectReference: {fileID: 0}
    m_RemovedComponents: []
  m_ParentPrefab: {fileID: 100100000, guid: 5a4ca8024493b6042a083c333fcaee40, type: 2}
  m_IsPrefabParent: 0
--- !u!1 &1661427998
GameObject:
  m_ObjectHideFlags: 0
  m_PrefabParentObject: {fileID: 0}
  m_PrefabInternal: {fileID: 0}
  serializedVersion: 4
  m_Component:
  - 4: {fileID: 1661427999}
  m_Layer: 0
  m_Name: Target 08
  m_TagString: TowerLocation
  m_Icon: {fileID: 2974397684917235467, guid: 0000000000000000d000000000000000, type: 0}
  m_NavMeshLayer: 0
  m_StaticEditorFlags: 0
  m_IsActive: 1
--- !u!4 &1661427999
Transform:
  m_ObjectHideFlags: 0
  m_PrefabParentObject: {fileID: 0}
  m_PrefabInternal: {fileID: 0}
  m_GameObject: {fileID: 1661427998}
  m_LocalRotation: {x: -4.32978e-17, y: 0.7071067, z: 0.7071068, w: -4.3297806e-17}
  m_LocalPosition: {x: -8.985144, y: 0, z: 0.0866518}
  m_LocalScale: {x: 0.8214081, y: 0.82140833, z: 0.82140833}
  m_Children: []
  m_Father: {fileID: 978512253}
  m_RootOrder: 5
--- !u!1001 &1679528490
Prefab:
  m_ObjectHideFlags: 0
  serializedVersion: 2
  m_Modification:
    m_TransformParent: {fileID: 0}
    m_Modifications:
    - target: {fileID: 22448784, guid: bb91fc62ae3453d47ac7ead9c2a59410, type: 2}
      propertyPath: m_LocalPosition.x
      value: 0
      objectReference: {fileID: 0}
    - target: {fileID: 22448784, guid: bb91fc62ae3453d47ac7ead9c2a59410, type: 2}
      propertyPath: m_LocalPosition.y
      value: 0
      objectReference: {fileID: 0}
    - target: {fileID: 22448784, guid: bb91fc62ae3453d47ac7ead9c2a59410, type: 2}
      propertyPath: m_LocalPosition.z
      value: 0
      objectReference: {fileID: 0}
    - target: {fileID: 22448784, guid: bb91fc62ae3453d47ac7ead9c2a59410, type: 2}
      propertyPath: m_LocalRotation.x
      value: 0
      objectReference: {fileID: 0}
    - target: {fileID: 22448784, guid: bb91fc62ae3453d47ac7ead9c2a59410, type: 2}
      propertyPath: m_LocalRotation.y
      value: 0
      objectReference: {fileID: 0}
    - target: {fileID: 22448784, guid: bb91fc62ae3453d47ac7ead9c2a59410, type: 2}
      propertyPath: m_LocalRotation.z
      value: 0
      objectReference: {fileID: 0}
    - target: {fileID: 22448784, guid: bb91fc62ae3453d47ac7ead9c2a59410, type: 2}
      propertyPath: m_LocalRotation.w
      value: 1
      objectReference: {fileID: 0}
    - target: {fileID: 22448784, guid: bb91fc62ae3453d47ac7ead9c2a59410, type: 2}
      propertyPath: m_RootOrder
      value: 11
      objectReference: {fileID: 0}
    - target: {fileID: 22448784, guid: bb91fc62ae3453d47ac7ead9c2a59410, type: 2}
      propertyPath: m_AnchoredPosition.x
      value: 0
      objectReference: {fileID: 0}
    - target: {fileID: 22448784, guid: bb91fc62ae3453d47ac7ead9c2a59410, type: 2}
      propertyPath: m_AnchoredPosition.y
      value: 0
      objectReference: {fileID: 0}
    - target: {fileID: 22448784, guid: bb91fc62ae3453d47ac7ead9c2a59410, type: 2}
      propertyPath: m_SizeDelta.x
      value: 1.75
      objectReference: {fileID: 0}
    - target: {fileID: 22448784, guid: bb91fc62ae3453d47ac7ead9c2a59410, type: 2}
      propertyPath: m_SizeDelta.y
      value: 1.75
      objectReference: {fileID: 0}
    - target: {fileID: 22448784, guid: bb91fc62ae3453d47ac7ead9c2a59410, type: 2}
      propertyPath: m_AnchorMin.x
      value: 0
      objectReference: {fileID: 0}
    - target: {fileID: 22448784, guid: bb91fc62ae3453d47ac7ead9c2a59410, type: 2}
      propertyPath: m_AnchorMin.y
      value: 0
      objectReference: {fileID: 0}
    - target: {fileID: 22448784, guid: bb91fc62ae3453d47ac7ead9c2a59410, type: 2}
      propertyPath: m_AnchorMax.x
      value: 0
      objectReference: {fileID: 0}
    - target: {fileID: 22448784, guid: bb91fc62ae3453d47ac7ead9c2a59410, type: 2}
      propertyPath: m_AnchorMax.y
      value: 0
      objectReference: {fileID: 0}
    - target: {fileID: 22448784, guid: bb91fc62ae3453d47ac7ead9c2a59410, type: 2}
      propertyPath: m_Pivot.x
      value: 0.5
      objectReference: {fileID: 0}
    - target: {fileID: 22448784, guid: bb91fc62ae3453d47ac7ead9c2a59410, type: 2}
      propertyPath: m_Pivot.y
      value: 0.5
      objectReference: {fileID: 0}
    - target: {fileID: 11442938, guid: bb91fc62ae3453d47ac7ead9c2a59410, type: 2}
      propertyPath: playerInputObject
      value: 
      objectReference: {fileID: 962579014}
    - target: {fileID: 11427170, guid: bb91fc62ae3453d47ac7ead9c2a59410, type: 2}
      propertyPath: markers.Array.data[0]
      value: 
      objectReference: {fileID: 1731669562}
    - target: {fileID: 11427170, guid: bb91fc62ae3453d47ac7ead9c2a59410, type: 2}
      propertyPath: markers.Array.data[1]
      value: 
      objectReference: {fileID: 514556531}
    - target: {fileID: 11427170, guid: bb91fc62ae3453d47ac7ead9c2a59410, type: 2}
      propertyPath: markers.Array.data[2]
      value: 
      objectReference: {fileID: 1334353810}
    - target: {fileID: 11427170, guid: bb91fc62ae3453d47ac7ead9c2a59410, type: 2}
      propertyPath: playerInputObject
      value: 
      objectReference: {fileID: 962579014}
    - target: {fileID: 157372, guid: bb91fc62ae3453d47ac7ead9c2a59410, type: 2}
      propertyPath: m_Name
      value: Player Two Pentagram Canvas
      objectReference: {fileID: 0}
    - target: {fileID: 156928, guid: bb91fc62ae3453d47ac7ead9c2a59410, type: 2}
      propertyPath: m_Name
      value: Pentagram Two
      objectReference: {fileID: 0}
    m_RemovedComponents: []
  m_ParentPrefab: {fileID: 100100000, guid: bb91fc62ae3453d47ac7ead9c2a59410, type: 2}
  m_IsPrefabParent: 0
--- !u!1 &1731669562
GameObject:
  m_ObjectHideFlags: 0
  m_PrefabParentObject: {fileID: 0}
  m_PrefabInternal: {fileID: 0}
  serializedVersion: 4
  m_Component:
  - 4: {fileID: 1731669563}
  m_Layer: 0
  m_Name: Target 10
  m_TagString: TowerLocation
  m_Icon: {fileID: 2974397684917235467, guid: 0000000000000000d000000000000000, type: 0}
  m_NavMeshLayer: 0
  m_StaticEditorFlags: 0
  m_IsActive: 1
--- !u!4 &1731669563
Transform:
  m_ObjectHideFlags: 0
  m_PrefabParentObject: {fileID: 0}
  m_PrefabInternal: {fileID: 0}
  m_GameObject: {fileID: 1731669562}
  m_LocalRotation: {x: -4.32978e-17, y: 0.7071067, z: 0.7071068, w: -4.3297806e-17}
  m_LocalPosition: {x: 9.014856, y: 0, z: 5.6866517}
  m_LocalScale: {x: 0.8214081, y: 0.82140833, z: 0.82140833}
  m_Children: []
  m_Father: {fileID: 978512253}
  m_RootOrder: 3
--- !u!1001 &1744062537
Prefab:
  m_ObjectHideFlags: 0
  serializedVersion: 2
  m_Modification:
    m_TransformParent: {fileID: 0}
    m_Modifications:
    - target: {fileID: 429708, guid: 6738b34e6ad715f49aa680317e8dc9e9, type: 2}
      propertyPath: m_LocalPosition.x
      value: 0
      objectReference: {fileID: 0}
    - target: {fileID: 429708, guid: 6738b34e6ad715f49aa680317e8dc9e9, type: 2}
      propertyPath: m_LocalPosition.y
      value: 0
      objectReference: {fileID: 0}
    - target: {fileID: 429708, guid: 6738b34e6ad715f49aa680317e8dc9e9, type: 2}
      propertyPath: m_LocalPosition.z
      value: 0
      objectReference: {fileID: 0}
    - target: {fileID: 429708, guid: 6738b34e6ad715f49aa680317e8dc9e9, type: 2}
      propertyPath: m_LocalRotation.x
      value: 0
      objectReference: {fileID: 0}
    - target: {fileID: 429708, guid: 6738b34e6ad715f49aa680317e8dc9e9, type: 2}
      propertyPath: m_LocalRotation.y
      value: 0
      objectReference: {fileID: 0}
    - target: {fileID: 429708, guid: 6738b34e6ad715f49aa680317e8dc9e9, type: 2}
      propertyPath: m_LocalRotation.z
      value: 0
      objectReference: {fileID: 0}
    - target: {fileID: 429708, guid: 6738b34e6ad715f49aa680317e8dc9e9, type: 2}
      propertyPath: m_LocalRotation.w
      value: 1
      objectReference: {fileID: 0}
    - target: {fileID: 429708, guid: 6738b34e6ad715f49aa680317e8dc9e9, type: 2}
      propertyPath: m_RootOrder
      value: 6
      objectReference: {fileID: 0}
    m_RemovedComponents: []
  m_ParentPrefab: {fileID: 100100000, guid: 6738b34e6ad715f49aa680317e8dc9e9, type: 2}
  m_IsPrefabParent: 0
--- !u!1 &1781302490 stripped
GameObject:
  m_PrefabParentObject: {fileID: 177140, guid: 1a4adbf34eea5034e9cf57da55f16a0c, type: 2}
  m_PrefabInternal: {fileID: 1427034302}
--- !u!114 &1781302491
MonoBehaviour:
  m_ObjectHideFlags: 0
  m_PrefabParentObject: {fileID: 0}
  m_PrefabInternal: {fileID: 0}
  m_GameObject: {fileID: 1781302490}
  m_Enabled: 1
  m_EditorHideFlags: 0
  m_Script: {fileID: 11500000, guid: 06f6b367e7b807343810e998cc8064a3, type: 3}
  m_Name: 
  m_EditorClassIdentifier: 
  cultistClips:
  - {fileID: 8300000, guid: 4d4aa8485ba1ffe45bc0e4172394b785, type: 3}
  builderClips:
  - {fileID: 8300000, guid: 26dbb468f1ea3814b9aabebb2a2f371e, type: 3}
  bombClips:
  - {fileID: 8300000, guid: 27d9ada20c7d9824e917be01311cfb74, type: 3}
  tankClips:
  - {fileID: 8300000, guid: 11e42354044ba914f9f75c51e7934179, type: 3}
  ghostClips:
  - {fileID: 8300000, guid: ff4d1b74c4474e2449f051e45f2431f7, type: 3}
  - {fileID: 8300000, guid: c6531592d1a98e0469dfcd7ce7c38fbb, type: 3}
  - {fileID: 8300000, guid: 103e70249d18c9540a4141524a996347, type: 3}
  voiceFailSounds: []
--- !u!1 &1791872805
GameObject:
  m_ObjectHideFlags: 0
  m_PrefabParentObject: {fileID: 0}
  m_PrefabInternal: {fileID: 0}
  serializedVersion: 4
  m_Component:
  - 4: {fileID: 1791872806}
  m_Layer: 0
  m_Name: Target 14
  m_TagString: BaseLocation
  m_Icon: {fileID: 2974397684917235467, guid: 0000000000000000d000000000000000, type: 0}
  m_NavMeshLayer: 0
  m_StaticEditorFlags: 0
  m_IsActive: 1
--- !u!4 &1791872806
Transform:
  m_ObjectHideFlags: 0
  m_PrefabParentObject: {fileID: 0}
  m_PrefabInternal: {fileID: 0}
  m_GameObject: {fileID: 1791872805}
  m_LocalRotation: {x: -0.030843567, y: 0.7064338, z: 0.7064338, w: 0.030843565}
  m_LocalPosition: {x: 15.473999, y: 0, z: 0.041779757}
  m_LocalScale: {x: 3.0403645, y: 3.0403655, z: 3.0403657}
  m_Children: []
  m_Father: {fileID: 978512253}
  m_RootOrder: 13
--- !u!1001 &1803682950
Prefab:
  m_ObjectHideFlags: 0
  serializedVersion: 2
  m_Modification:
    m_TransformParent: {fileID: 0}
    m_Modifications:
    - target: {fileID: 479342, guid: 5dfe74a42582fe941bce48ebd9873b40, type: 2}
      propertyPath: m_LocalPosition.x
      value: 0
      objectReference: {fileID: 0}
    - target: {fileID: 479342, guid: 5dfe74a42582fe941bce48ebd9873b40, type: 2}
      propertyPath: m_LocalPosition.y
      value: 17
      objectReference: {fileID: 0}
    - target: {fileID: 479342, guid: 5dfe74a42582fe941bce48ebd9873b40, type: 2}
      propertyPath: m_LocalPosition.z
      value: -12
      objectReference: {fileID: 0}
    - target: {fileID: 479342, guid: 5dfe74a42582fe941bce48ebd9873b40, type: 2}
      propertyPath: m_LocalRotation.x
      value: 0.50000006
      objectReference: {fileID: 0}
    - target: {fileID: 479342, guid: 5dfe74a42582fe941bce48ebd9873b40, type: 2}
      propertyPath: m_LocalRotation.y
      value: 0
      objectReference: {fileID: 0}
    - target: {fileID: 479342, guid: 5dfe74a42582fe941bce48ebd9873b40, type: 2}
      propertyPath: m_LocalRotation.z
      value: 0
      objectReference: {fileID: 0}
    - target: {fileID: 479342, guid: 5dfe74a42582fe941bce48ebd9873b40, type: 2}
      propertyPath: m_LocalRotation.w
      value: 0.8660254
      objectReference: {fileID: 0}
    - target: {fileID: 479342, guid: 5dfe74a42582fe941bce48ebd9873b40, type: 2}
      propertyPath: m_RootOrder
      value: 0
      objectReference: {fileID: 0}
    m_RemovedComponents: []
  m_ParentPrefab: {fileID: 100100000, guid: 5dfe74a42582fe941bce48ebd9873b40, type: 2}
  m_IsPrefabParent: 0
--- !u!1 &1803682951 stripped
GameObject:
  m_PrefabParentObject: {fileID: 160674, guid: 5dfe74a42582fe941bce48ebd9873b40, type: 2}
  m_PrefabInternal: {fileID: 1803682950}
--- !u!114 &1803682952
MonoBehaviour:
  m_ObjectHideFlags: 0
  m_PrefabParentObject: {fileID: 0}
  m_PrefabInternal: {fileID: 0}
  m_GameObject: {fileID: 1803682951}
  m_Enabled: 1
  m_EditorHideFlags: 0
  m_Script: {fileID: 11500000, guid: 7fe9cdbd2ff1f9743921c87bd725424f, type: 3}
  m_Name: 
  m_EditorClassIdentifier: 
  toonOutlineShader: {fileID: 4800000, guid: 78836164695e51b4faa3ea84bba90b8c, type: 3}
--- !u!1 &1921697215
GameObject:
  m_ObjectHideFlags: 0
  m_PrefabParentObject: {fileID: 0}
  m_PrefabInternal: {fileID: 0}
  serializedVersion: 4
  m_Component:
  - 4: {fileID: 1921697216}
  m_Layer: 0
  m_Name: Player Two Container
  m_TagString: Untagged
  m_Icon: {fileID: 0}
  m_NavMeshLayer: 0
  m_StaticEditorFlags: 0
  m_IsActive: 1
--- !u!4 &1921697216
Transform:
  m_ObjectHideFlags: 0
  m_PrefabParentObject: {fileID: 0}
  m_PrefabInternal: {fileID: 0}
  m_GameObject: {fileID: 1921697215}
  m_LocalRotation: {x: 0, y: 0, z: 0, w: 1}
  m_LocalPosition: {x: 16.7, y: 6.75, z: 0}
  m_LocalScale: {x: 1, y: 1, z: 1}
  m_Children:
  - {fileID: 1427034303}
  - {fileID: 644848885}
  m_Father: {fileID: 0}
  m_RootOrder: 10
